<?xml version="1.0" encoding="UTF-8" ?>
<record Numero="13975916" format="InterXMarc_Complet" type="Authority">
<leader>00593c0 au22000272  45  <Pos Code="0004">00593</Pos>
<Pos Code="05" Sens="notice modifiée">c</Pos>
<Pos Code="06" Sens="notice validée par les services d&apos;autorité">0</Pos>
<Pos Code="08" Sens="notice d&apos;autorité">a</Pos>
<Pos Code="09" Sens="titre uniforme musical (TUM)">u</Pos>
<Pos Code="10">2</Pos>
<Pos Code="11">2</Pos>
<Pos Code="1216">00027</Pos>
<Pos Code="17" Sens="autres cas">2</Pos>
<Pos Code="20">4</Pos>
<Pos Code="21">5</Pos>
</leader>
<controlfield tag="001">FRBNF139759169<Pos Code="0001">FR</Pos>
<Pos Code="0204">BNF</Pos>
<Pos Code="0512">13975916</Pos>
<Pos Code="13">9</Pos>
</controlfield>
<controlfield tag="008">950511141014yyeng sg        1939                             1   <Pos Code="0001">95</Pos>
<Pos Code="0203">05</Pos>
<Pos Code="0405">11</Pos>
<Pos Code="0607">14</Pos>
<Pos Code="0809">10</Pos>
<Pos Code="1011">14</Pos>
<Pos Code="1213" Sens="ne s&apos;applique pas">yy</Pos>
<Pos Code="1416" Sens="anglais">eng</Pos>
<Pos Code="1820" Sens="chanson [chanson harmonisée => chanson]">sg </Pos>
<Pos Code="2831">1939</Pos>
<Pos Code="61" Sens="La vedette peut être liée à une notice bibliographique sauf pour l&apos;accès matière RAMEAU">1</Pos>
</controlfield>
<datafield tag="048" ind1=" " ind2=" ">
	<subfield code="a">vz01<Pos Code="0001" Sens="voix - non spécifié">vz</Pos>
<Pos Code="02">0</Pos>
<Pos Code="03">1</Pos>
</subfield>
</datafield>
<datafield tag="100" ind1=" " ind2=" ">
	<subfield code="3">13895945</subfield>
	<subfield code="w"> 0  b     </subfield>
	<subfield code="a">Kern</subfield>
	<subfield code="m">Jerome</subfield>
	<subfield code="d">1885-1945</subfield>
</datafield>
<datafield tag="144" ind1="1" ind2=" ">
	<subfield code="w">....b.....</subfield>
	<subfield code="a">All the things you are</subfield>
</datafield>
<datafield tag="502" ind1=" " ind2=" ">
	<subfield code="3">13946997</subfield>
	<subfield code="a">Kern</subfield>
	<subfield code="m">Jerome</subfield>
	<subfield code="d">1885-1945</subfield>
	<subfield code="t">[Very warm for May]</subfield>
</datafield>
<datafield tag="600" ind1=" " ind2=" ">
	<subfield code="a">Lyrics de Oscar Hammerstein II</subfield>
	<subfield code="a">Extrait de Very warm for May</subfield>
</datafield>
<datafield tag="600" ind1=" " ind2=" ">
	<subfield code="a">1re exécution : 1939</subfield>
</datafield>
<datafield tag="610" ind1=" " ind2=" ">
	<subfield code="a">Grove opera</subfield>
	<subfield code="a">Sure thing [Enregistrement sonore] : the Jerome Kern songbook / Sylvia McNair, André Prévin. Philips 4421292</subfield>
</datafield>
<datafield tag="917" ind1=" " ind2=" ">
	<subfield code="o">OPC</subfield>
	<subfield code="a">101073830</subfield>
</datafield>
<datafield tag="996" ind1=" " ind2=" ">
	<subfield code="o">OPP</subfield>
	<subfield code="a">14720562</subfield>
	<subfield code="d">20141013</subfield>
</datafield>
<datafield tag="996" ind1=" " ind2=" ">
	<subfield code="o">OPP</subfield>
	<subfield code="a">13864058</subfield>
	<subfield code="d">20141014</subfield>
</datafield>
<Alter Ori="13895945">
<datafield tag="031" ind1=" " ind2=" ">
	<subfield code="a">000000010861737X</subfield>
	<subfield code="2" Sens="ISNI chargé à partir de VIAF">VIAF</subfield>
	<subfield code="d">20130731<Pos Code="0003">2013</Pos>
<Pos Code="0407" Sens="31 juillet">0731</Pos>
</subfield>
</datafield>
</Alter>
<Attr Nom="IDPerenne">ark:/12148/cb13975916n</Attr>
<Attr Nom="NumSource">OPC 101073830</Attr>
<Attr Nom="Source" Sens="BnF catalogue général (depuis 1999)">A</Attr>
<Attr Nom="NumAutoriteLiee">1389594513946997</Attr>
<Attr Nom="DateCreation">11/05/ 1995</Attr>
<Attr Nom="ResponsableCreation">MIGV2</Attr>
<Attr Nom="StructCreation">1</Attr>
<Attr Nom="DateDerniereValidation">14/10/ 2014</Attr>
<Attr Nom="ResponsableDerniereValidation">SERRES CATHERINE</Attr>
<Attr Nom="StructPremiereValidation">1</Attr>
<Attr Nom="DatePremiereValidation">11/05/ 1995</Attr>
<Attr Nom="ResponsablePremiereValidation">MIGV2</Attr>
<Attr Nom="StructDerniereValidation">82</Attr>
<Attr Nom="NumSource" Rep="1">OPP 14720562</Attr>
<Attr Nom="NumSource" Rep="2">OPP 13864058</Attr>
</record>
